<record><leader>00000cas a22000007a 4500</leader><controlfield tag="001">20568908</controlfield><controlfield tag="008">891030d19491953pauwr ne      0    0eng d</controlfield><datafield ind1=" " ind2=" " tag="010"><subfield code="a">sn 89077331 </subfield></datafield><datafield ind1=" " ind2=" " tag="040"><subfield code="a">NPH</subfield><subfield code="b">eng</subfield><subfield code="c">NPH</subfield><subfield code="d">OCLCQ</subfield></datafield><datafield ind1=" " ind2=" " tag="042"><subfield code="a">msc</subfield></datafield><datafield ind1="0" ind2="0" tag="245"><subfield code="a">Delaware Valley advance and the Morrisville herald.</subfield></datafield><datafield ind1="1" ind2="7" tag="246"><subfield code="a">Delaware Valley advance</subfield></datafield><datafield ind1="1" ind2="7" tag="246"><subfield code="a">Delaware Valley advance-Morrisville herald</subfield></datafield><datafield ind1=" " ind2=" " tag="260"><subfield code="a">Langhorne, Pa. :</subfield><subfield code="b">Advance Pub. Co.,</subfield><subfield code="c">1949-1953.</subfield></datafield><datafield ind1=" " ind2=" " tag="300"><subfield code="a">v. :</subfield><subfield code="b">ill. ;</subfield><subfield code="c">56 cm.</subfield></datafield><datafield ind1=" " ind2=" " tag="310"><subfield code="a">Weekly</subfield></datafield><datafield ind1="0" ind2=" " tag="362"><subfield code="a">Vol. 72, no. 39 (Jan. 13, 1949)- ; -76th yr., no. 41 (Feb. 12, 1953).</subfield></datafield><datafield ind1=" " ind2=" " tag="500"><subfield code="a">Publisher: John R. Watkins, &lt;1950&gt;.</subfield></datafield><datafield ind1=" " ind2=" " tag="500"><subfield code="a">Serving "Morrisville, Yardley, Newtown, Bridgeboro, South Hampton, Pendel, Langhorne, Lower Lincoln Highway, Hulmeville, Feasterville, Trevose, Croydon, Bensalem, Andalusia, Parkland, Bristol and vicinities."</subfield></datafield><datafield ind1=" " ind2=" " tag="752"><subfield code="a">United States</subfield><subfield code="b">Pennsylvania</subfield><subfield code="c">Bucks</subfield><subfield code="d">Langhorne.</subfield></datafield><datafield ind1="0" ind2="0" tag="780"><subfield code="t">Delaware Valley advance (Hulmeville, Pa.)</subfield><subfield code="w">(DLC)sn 89077072</subfield></datafield><datafield ind1="0" ind2="0" tag="785"><subfield code="t">Delaware Valley advance (Langhorne, Pa.)</subfield><subfield code="w">(DLC)sn 89077332</subfield></datafield></record>